<?xml version="1.0" encoding="UTF-8"?><collection xmlns="http://www.loc.gov/MARC21/slim"><record><leader>00369nam--2200133-i-4500</leader><controlfield tag="001">000034301</controlfield><controlfield tag="002">20161230</controlfield><controlfield tag="005">20161230201040</controlfield><controlfield tag="008">060222s1000------------r-----000-0-eng-d</controlfield><datafield ind1=" " ind2=" " tag="100"><subfield code="a">Munteanu Florin</subfield></datafield><datafield ind1=" " ind2=" " tag="245"><subfield code="a">Masinile electronice de calcul in tehnica militara</subfield></datafield><datafield ind1=" " ind2=" " tag="260"><subfield code="a">Bucuresti, Edigura Militara, 1962, 103p</subfield></datafield><datafield ind1=" " ind2=" " tag="490"><subfield code="a">Noutati Tehnico-stiintifice</subfield></datafield><datafield ind1=" " ind2=" " tag="852"><subfield code="a">8581</subfield></datafield></record></collection>